<?xml version="1.0" encoding="UTF-8"?><record xmlns="http://www.loc.gov/MARC21/slim" xmlns:cinclude="http://apache.org/cocoon/include/1.0" xmlns:zs="http://www.loc.gov/zing/srw/">
  <leader>00528nz  a2200133n  4500</leader>
  <controlfield tag="001">n 2002117808</controlfield>
  <controlfield tag="003">DLC</controlfield>
  <controlfield tag="005">20021125140858.0</controlfield>
  <controlfield tag="008">021125n| acannaabn          |a aaa      </controlfield>
  <datafield tag="010" ind1=" " ind2=" ">
    <subfield code="a">n 2002117808</subfield>
  </datafield>
  <datafield tag="040" ind1=" " ind2=" ">
    <subfield code="a">DLC</subfield>
    <subfield code="b">eng</subfield>
    <subfield code="c">DLC</subfield>
  </datafield>
  <datafield tag="100" ind1="1" ind2=" ">
    <subfield code="a">Zelov, D. D.</subfield>
    <subfield code="q">(Dmitriĭ Dmitrievich)</subfield>
  </datafield>
  <datafield tag="400" ind1="1" ind2=" ">
    <subfield code="a">Zelov, Dmitriĭ Dmitrievich</subfield>
  </datafield>
  <datafield tag="670" ind1=" " ind2=" ">
    <subfield code="a">Zelov, D. D. Ofit︠s︡ialʹnye svetskie prazdniki kak i︠a︡vlenie russkoĭ kulʹtury kont︠s︡a XVII-pervoĭ poloviny XVIII veka, 2002:</subfield>
    <subfield code="b">t.p. (D.D. Zelov) verso t.p. (Zelov Dmitriĭ Dmitrievich)</subfield>
  </datafield>
</record>